<record><leader>00000cas a2200000 a 4500</leader><controlfield tag="001">794293305</controlfield><controlfield tag="008">120525d19811981cauwr ne      0    0eng c</controlfield><datafield ind1=" " ind2=" " tag="010"><subfield code="a">  2012260082</subfield></datafield><datafield ind1=" " ind2=" " tag="040"><subfield code="a">ORU</subfield><subfield code="b">eng</subfield><subfield code="c">ORU</subfield><subfield code="d">ORU</subfield><subfield code="d">OCLCF</subfield></datafield><datafield ind1=" " ind2=" " tag="042"><subfield code="a">pcc</subfield></datafield><datafield ind1=" " ind2=" " tag="043"><subfield code="a">n-us-or</subfield></datafield><datafield ind1="0" ind2="4" tag="245"><subfield code="a">The star (Keno star ed.)</subfield></datafield><datafield ind1=" " ind2=" " tag="250"><subfield code="a">Keno star ed.</subfield></datafield><datafield ind1=" " ind2=" " tag="260"><subfield code="a">Dorris, Calif. :</subfield><subfield code="b">John V. Bodle,</subfield><subfield code="c">1981.</subfield></datafield><datafield ind1=" " ind2=" " tag="300"><subfield code="a">1 v. :</subfield><subfield code="b">ill. ;</subfield><subfield code="c">14 cm.</subfield></datafield><datafield ind1=" " ind2=" " tag="310"><subfield code="a">Weekly</subfield></datafield><datafield ind1="1" ind2=" " tag="362"><subfield code="a">Began with Vol. 1, no. 44 (Apr. 3, 1981); ceased in May 1981.</subfield></datafield><datafield ind1=" " ind2=" " tag="500"><subfield code="a">"A weekly newspaper serving Keno, Oregon."</subfield></datafield><datafield ind1=" " ind2=" " tag="530"><subfield code="a">Also available on microfilm from University of Oregon.</subfield></datafield><datafield ind1=" " ind2=" " tag="588"><subfield code="a">Description based on: Vol. 1, no. 44 (Apr. 3, 1981); title from masthead.</subfield></datafield><datafield ind1=" " ind2=" " tag="588"><subfield code="a">Latest issue consulted: Vol. 1, no. 50 (May 15, 1981).</subfield></datafield><datafield ind1=" " ind2="0" tag="651"><subfield code="a">Keno (Or.)</subfield><subfield code="v">Newspapers.</subfield></datafield><datafield ind1=" " ind2="7" tag="655"><subfield code="a">Newspapers.</subfield><subfield code="2">fast</subfield><subfield code="0">(OCoLC)fst01423814</subfield></datafield><datafield ind1=" " ind2="7" tag="651"><subfield code="a">Oregon</subfield><subfield code="z">Keno.</subfield><subfield code="2">fast</subfield><subfield code="0">(OCoLC)fst01884423</subfield></datafield><datafield ind1=" " ind2=" " tag="752"><subfield code="a">United States</subfield><subfield code="b">California</subfield><subfield code="c">Siskiyou</subfield><subfield code="d">Dorris.</subfield></datafield><datafield ind1="0" ind2="0" tag="780"><subfield code="t">Keno star (1981)</subfield><subfield code="w">(DLC)  2012260083</subfield><subfield code="w">(OCoLC)794293303</subfield></datafield><datafield ind1="0" ind2="0" tag="785"><subfield code="t">Keno Star</subfield><subfield code="w">(DLC)sn 97060810</subfield><subfield code="w">(OCoLC)37470694</subfield></datafield></record>